% Conference
@inproceedings{bruce97comparing,
  title={Comparing object encodings},
  author={Bruce, Kim B and Cardelli, Luca and Pierce, Benjamin C},
  booktitle={TACS},
  year={1997},
}

@inproceedings{yinyang,
 author = {Jovanovic, Vojin and Shaikhha, Amir and Stucki, Sandro and Nikolaev, Vladimir and Koch, Christoph and Odersky, Martin},
 title = {Yin-{Y}ang: {C}oncealing the {D}eep {E}mbedding of {DSL}s},
 booktitle = {Proceedings of the 2014 International Conference on Generative Programming: Concepts and Experiences},
 series = {GPCE 2014},
 isbn = {978-1-4503-3161-6},
 doi = {10.1145/2658761.2658771},
 pages = {73--82},
 year = {2014}
}

@inproceedings{oliveira2012extensibility,
  title={Extensibility for the {M}asses: {P}ractical {E}xtensibility with {O}bject {A}lgebras},
  author={Oliveira, Bruno C. d. S. and Cook, William R.},
  booktitle = {Proceedings of the 26th European Conference on Object-Oriented Programming},
  series={ECOOP '12},
  year={2012},
  pages="2--27",
  doi={10.1007/978-3-642-31057-7_2},
  isbn="978-3-642-31057-7",
}

@inproceedings{cook09abstraction,
 author = {Cook, William R.},
 title = {On {U}nderstanding {D}ata {A}bstraction, {R}evisited},
 booktitle = {Proceedings of the 24th ACM SIGPLAN Conference on Object Oriented Programming Systems Languages and Applications},
 series = {OOPSLA '09},
 doi = {10.1145/1639949.1640133},
 pages = {557--572},
 isbn = {978-1-60558-766-0},
 year = {2009}
}


@inproceedings{gibbons2014folding,
 author = {Gibbons, Jeremy and Wu, Nicolas},
 title = {Folding {D}omain-{S}pecific {L}anguages: {D}eep and {S}hallow {E}mbeddings ({F}unctional {P}earl)},
booktitle = {Proceedings of the 19th ACM SIGPLAN International Conference on Functional Programming},
 series = {ICFP '14},
 isbn = {978-1-4503-2873-9},
 pages = {339--347},
 doi = {10.1145/2628136.2628138},
 year = {2014}
} 
@inproceedings{rompf15,
  author = {Rompf, Tiark and Amin, Nada},
booktitle = {Proceedings of the 20th ACM SIGPLAN International Conference on Functional Programming},
 series = {ICFP 2015},
  title = {Functional {P}earl: {A} {SQL} to {C} {C}ompiler in 500 {L}ines of {C}ode},
  pages = {2--9},
  isbn = {978-1-4503-3669-7},
  doi = {10.1145/2784731.2784760},
  year = {2015}
}

@inproceedings{Boulton92dsl,
 author = {Boulton, Richard J. and Gordon, Andrew and Gordon, Michael J. C. and Harrison, John and Herbert, John and Tassel, John Van},
 title = {Experience with Embedding Hardware Description Languages in HOL},
 booktitle = {TPCD},
 year = {1992}
} 

@inproceedings{hudak1998modular,
  title={Modular {D}omain {S}pecific {L}anguages and {T}ools},
  author={Hudak, Paul},
  booktitle={Proceedings. Fifth International Conference on Software Reuse},
  doi={10.1109/ICSR.1998.685738},
  pages={134-142},
  ISSN={1085-9098},
  year={1998}
}

@inproceedings{eptrivially16,
 author = {Wang, Yanlin and Oliveira, Bruno C. d. S.},
 title = {The {E}xpression {P}roblem, {T}rivially!},
 booktitle = {Proceedings of the 15th International Conference on Modularity},
 series = {MODULARITY 2016},
 pages = {37--41},
 isbn = {978-1-4503-3995-7},
 doi = {10.1145/2889443.2889448},
 year = {2016}
}

@INPROCEEDINGS{zenger05independentlyextensible,
    author = {Matthias Zenger and Martin Odersky},
    title = {Independently extensible solutions to the expression problem},
    booktitle = {Proceedings of the 12th International Workshop on Foundations of Object-Oriented Languages},
    year = {2005}
}

@inproceedings{scherr2014implicit,
  title={Implicit staging of EDSL expressions: A bridge between shallow and deep embedding},
  author={Scherr, Maximilian and Chiba, Shigeru},
  booktitle={European Conference on Object-Oriented Programming},
  year={2014},
}

@inproceedings{emir2007matching,
  title={Matching objects with patterns},
  author={Emir, Burak and Odersky, Martin and Williams, John},
  booktitle={European Conference on Object-Oriented Programming},
  year={2007}
}

@inproceedings{scherrc2015,
  author        = "Maximilian Scherr and Shigeru Chiba",
  booktitle = {Proceedings of the 2014 International Conference on Generative Programming: Concepts and Experiences},
  title         = "{Almost first-class language embedding: taming staged embedded DSLs}",
  year          = 2015,
}

@inproceedings{barringer2011tracecontract,
  title={TraceContract: A Scala DSL for trace analysis},
  author={Barringer, Howard and Havelund, Klaus},
  booktitle={International Symposium on Formal Methods},
  year={2011},
}

% Journal
@article{carette2009finally,
  title={Finally {T}agless, {P}artially {E}valuated: {T}agless {S}taged {I}nterpreters for {S}impler {T}yped {L}anguages},
  author={Carette, Jacques and Kiselyov, Oleg and Shan, Chung-chieh},
  journal={{Journal of Functional Programming}},
  volume={19},
  number={05},
  pages={509--543},
  DOI={10.1017/S0956796809007205},
  year={2009},
}

@article{swierstra2008data,
  title={Data {T}ypes {\`a} la {C}arte},
  author={Swierstra, Wouter},
  journal={Journal of Functional Programming},
  volume={18},
  number={04},
  pages={423--436},
  DOI={10.1017/S0956796808006758},
  year={2008},
}

@inproceedings{svenningsson2012combining,
  title={Combining {D}eep and {S}hallow {E}mbedding for {EDSL}},
  author={Svenningsson, Josef and Axelsson, Emil},
  booktitle={Trends in Functional Programming},
  doi={10.1007/978-3-642-40447-4_2},
  isbn="978-3-642-40447-4",
  pages="21--36",
  year={2012}
}

@inbook{reynolds75userdefined,
Author={Reynolds, John C.},
Title={User-defined {T}ypes and {P}rocedural {D}ata {S}tructures as {C}omplementary
                  {A}pproaches to {T}ype {A}bstraction},
bookTitle="Programming Methodology: A Collection of Articles by Members of IFIP WG2.3",
pages="309--317",
isbn="978-1-4612-6315-9",
doi="10.1007/978-1-4612-6315-9_22",
Year=1978
}

@article{Cazzola16dsls,
 author = {Cazzola, Walter and Vacchi, Edoardo},
 title = {Language {C}omponents for {M}odular {DSL}s {U}sing {T}raits},
 journal = {Computer Languages, Systems \& Structures},
 volume = {45},
 issn = "1477-8424",
 doi = "10.1016/j.cl.2015.12.001",
 year = {2016},
 pages = {16--34}
}

@inproceedings{emgm,
  title = {Extensible and {M}odular {G}enerics for the {M}asses},
  author = {Oliveira, Bruno C. d. S. and Hinze, Ralf and L{\"o}h, Andres},
  year = {2006},
  booktitle = {Trends in Functional Programming},

}

@article{hinze06generics,
  title = {Generics for the {M}asses},
  author = "Hinze, Ralf",
  year = "2006",
  journal={Journal of Functional Programming},
  number = "4-5",
  pages = "451-483",
  DOI={10.1017/S0956796806006022},
  volume = "16"
}

@article{carette2009foditoedings{bruce1997comparing,
  title={Comparing object encodings},
  author={Bruce, Kim B and Cardelli, Luca and Pierce, Benjamin C},
  booktitle={International Symposium on Theoretical Aspects of Computer Software},
  pages={415--438},
  year={1997},
  organization={Springer}
}

@article{rompf2012scala,
  title={Scala-Virtualized: linguistic reuse for deep embeddings},
  author={Rompf, Tiark and Amin, Nada and Moors, Adriaan and Haller, Philipp and Odersky, Martin},
  journal={Higher-Order and Symbolic Computation},
  volume={25},
  number={1},
  pages={165--207},
  year={2012},
  publisher={Springer}
}

% Others
@Unpublished{expPb,
  author = 	 {Philip Wadler},
  title = 	 {The {E}xpression {P}roblem},
  note = 	 {Note to Java Genericity mailing list},
  OPTkey = 	 {},
  month = 	 {Nov.},
  year = 	 {1998},
  OPTannote = 	 {}
}

@TECHREPORT{leijen01parsec,
author = {Leijen, Daan and Meijer, Erik},
year = 2001,
title = {Parsec: Direct style monadic parser combinators for the real world},
booktitle = {Technical Report},
number = {UU-CS-2001-35},
institution = {Department of Information and Computing Sciences, Utrecht University}
}

@inproceedings{hinze2004algebra,
  title={An {A}lgebra of {S}cans},
  author={Hinze, Ralf},
  booktitle="Mathematics of Program Construction",
  isbn="978-3-540-27764-4",
  doi="10.1007/978-3-540-27764-4_11",
  pages="186--210",
  year={2004},
}

@inproceedings{rompf2012lightweight,
  title={Lightweight {M}odular {S}taging: {A} {P}ragmatic {A}pproach to {R}untime {C}ode {G}eneration and {C}ompiled {DSL}s},
  author={Rompf, Tiark and Odersky, Martin},
  booktitle = {Proceedings of the Ninth International Conference on Generative Programming and Component Engineering},
  series = {GPCE '10},
  pages = {127--136},
  year={2010},
  isbn = {978-1-4503-0154-1},
  doi = {10.1145/1868294.1868314},
}

@book{gamma94design,
author = {Gamma, E. and Helm, R. and Johnson, R. and Vlissides, J.},
title = {Design Patterns : Elements of Reusable Object-Oriented Software},
publisher = {Addisson-Wesley},
year = {1994}
}

@inproceedings{meijer2006linq,
  title={{LINQ}: {R}econciling {O}bject, {R}elations and {XML} in the .{NET} {F}ramework},
  author={Meijer, Erik and Beckman, Brian and Bierman, Gavin},
  booktitle = {Proceedings of the 2006 ACM SIGMOD International Conference on Management of Data},
  series = {SIGMOD '06},
  pages = {706--706},
  isbn = {1-59593-434-0},
  doi = {10.1145/1142473.1142552},
  year={2006},
}

@misc{fowler2005fluent,
  title={Fluent interface},
  author={Fowler, Martin and Evans, E},
  url={https://martinfowler.com/bliki/FluentInterface.html},
  year={2005},
}

@misc{odersky06pimp,
  title={Pimp {M}y {L}ibrary},
  author={Odersky, Martin},
  url={http://www.artima.com/weblogs/viewpost.jsp?thread=179766},
  note = {Last accessed on 2019-01-29},
  year={2006},
}

@incollection{erwig2014semantics,
 author    = "Erwig, Martin and Walkingshaw, Eric",
 TITLE     = "{Semantics-Driven DSL Design}",
 YEAR      = 2012,
 booktitle = "{Formal and Practical Aspects of Domain-Specific Languages:
             Recent Developments}",
 Pages     = {56--80},
 DOI={10.4018/978-1-4666-2092-6.ch003}
}

@article{dunfield2014elaborating,
  title={Elaborating {I}ntersection and {U}nion {T}ypes},
  author={Dunfield, Joshua},
  journal={Journal of Functional Programming},
  volume={24},
  number={2-3},
  pages={133--165},
  year={2014},
  DOI={10.1017/S0956796813000270},
  publisher={Cambridge University Press}
}

@inproceedings{bahr2011compositional,
  title={Compositional {D}ata {T}ypes},
  author={Bahr, Patrick and Hvitved, Tom},
  booktitle = {Proceedings of the Seventh ACM SIGPLAN Workshop on Generic Programming},
  series = {WGP '11},
  doi = {10.1145/2036918.2036930},
  pages = {83--94},
  year={2011},
}

@inproceedings{zhang2015scrap,
  title={Scrap {Y}our {B}oilerplate with {O}bject {A}lgebras},
  author={Zhang, Haoyuan and Chu, Zewei and Oliveira, Bruno C. d. S. and Storm, Tijs van der},
  booktitle = {Proceedings of the 2015 ACM SIGPLAN International Conference on Object-Oriented Programming, Systems, Languages, and Applications},
  series = {OOPSLA 2015},
  isbn = {978-1-4503-3689-5},
  doi = {10.1145/2814270.2814279},
  pages = {127--146},
  year={2015},
}

@inproceedings{kiselyov2012typed,
  title={Typed {T}agless {F}inal {I}nterpreters},
  author={Kiselyov, Oleg},
  booktitle={Generic and Indexed Programming},
  isbn="978-3-642-32202-0",
  doi="10.1007/978-3-642-32202-0_3",
  pages="130--174",
  year={2012},
}

@article{zhang2017extensible,
  title={Extensible {D}omain-{S}pecific {L}anguages in {O}bject-{O}riented {P}rogramming},
  author={Zhang, Weixin},
  journal={HKU Theses Online (HKUTO)},
  year={2017},
  publisher={The University of Hong Kong (Pokfulam, Hong Kong)},
