% Conference
@inproceedings{bruce97comparing,
  title={Comparing object encodings},
  author={Bruce, Kim B and Cardelli, Luca and Pierce, Benjamin C},
  booktitle={In {TACS}},
  year={1997},
}

@inproceedings{yinyang,
 author = {Jovanovic, Vojin and Shaikhha, Amir and Stucki, Sandro and Nikolaev, Vladimir and Koch, Christoph and Odersky, Martin},
 title = {Yin-{Y}ang: {C}oncealing the {D}eep {E}mbedding of {DSL}s},
 booktitle = {In {GPCE}},
 year = {2014}
}

@inproceedings{oliveira2012extensibility,
  title={Extensibility for the {M}asses},
  author={Oliveira, Bruno C. d. S. and Cook, William R},
  booktitle={In {ECOOP}},
  year={2012},
}

@inproceedings{cook09abstraction,
 author = {Cook, William R.},
 title = {On {U}nderstanding {D}ata {A}bstraction, {R}evisited},
 booktitle = {In {OOPSLA}},
 year = {2009}
}


@inproceedings{gibbons2014folding,
 author = {Gibbons, Jeremy and Wu, Nicolas},
 title = {Folding {D}omain-{S}pecific {L}anguages: {D}eep and {S}hallow {E}mbeddings ({F}unctional {P}earl)},
 booktitle = {In {ICFP}},
 year = {2014}
} 
@inproceedings{rompf15,
  author = {Rompf, Tiark and Amin, Nada},
  booktitle = {In {ICFP}},
  title = {Functional {P}earl: {A} {SQL} to {C} {C}ompiler in 500 {L}ines of {C}ode.},
  year = {2015}
}

@inproceedings{Boulton92dsl,
 author = {Boulton, Richard J. and Gordon, Andrew and Gordon, Michael J. C. and Harrison, John and Herbert, John and Tassel, John Van},
 title = {Experience with Embedding Hardware Description Languages in HOL},
 booktitle = {In {TPCD}},
 year = {1992}
} 

@inproceedings{hudak1998modular,
  title={Modular {D}omain {S}pecific {L}anguages and {T}ools},
  author={Hudak, Paul},
  booktitle={In {ICSR}},
  year={1998}
}

@inproceedings{eptrivially16,
 author = {Wang, Yanlin and Oliveira, Bruno C. d. S.},
 title = {The {E}xpression {P}roblem, {T}rivially!},
 booktitle = {In {Modularity}},
 year = {2016}
}

@INPROCEEDINGS{zenger05independentlyextensible,
    author = {Matthias Zenger and Martin Odersky},
    title = {Independently extensible solutions to the expression problem},
    booktitle = {Proceedings of the 12th International Workshop on Foundations of Object-Oriented Languages},
    year = {2005}
}

@inproceedings{scherr2014implicit,
  title={Implicit staging of EDSL expressions: A bridge between shallow and deep embedding},
  author={Scherr, Maximilian and Chiba, Shigeru},
  booktitle={European Conference on Object-Oriented Programming},
  year={2014},
}

@inproceedings{emir2007matching,
  title={Matching objects with patterns},
  author={Emir, Burak and Odersky, Martin and Williams, John},
  booktitle={European Conference on Object-Oriented Programming},
  year={2007}
}

@inproceedings{scherrc2015,
  author        = "Maximilian Scherr and Shigeru Chiba",
  booktitle = {Proceedings of the 2014 International Conference on Generative Programming: Concepts and Experiences},
  title         = "{Almost first-class language embedding: taming staged embedded DSLs}",
  year          = 2015,
}

@inproceedings{barringer2011tracecontract,
  title={TraceContract: A Scala DSL for trace analysis},
  author={Barringer, Howard and Havelund, Klaus},
  booktitle={International Symposium on Formal Methods},
  year={2011},
}

% Journal
@article{carette2009finally,
  title={Finally {T}agless, {P}artially {E}valuated: {T}agless {S}taged {I}nterpreters for {S}impler {T}yped {L}anguages},
  author={Carette, Jacques and Kiselyov, Oleg and Shan, Chung-chieh},
  journal={{JFP}},
  volume={19},
  number={05},
  pages={509--543},
  year={2009},
}

@article{swierstra2008data,
  title={Data {T}ypes {\`a} la {C}arte},
  author={Swierstra, Wouter},
  journal={{JFP}},
  volume={18},
  number={04},
  pages={423--436},
  year={2008},
}

@incollection{svenningsson2012combining,
  title={Combining {D}eep and {S}hallow {E}mbedding for {EDSL}},
  author={Svenningsson, Josef and Axelsson, Emil},
  booktitle={In {TFP}},
  year={2012}
}

@InCollection{reynolds75userdefined,
Author={Reynolds, John C.},
Title={User-defined {T}ypes and {P}rocedural {D}ata {S}tructures as {C}omplementary
                  {A}pproaches to {T}ype {A}bstraction},
Booktitle= {New {D}irections in {A}lgorithmic {L}anguages},
Organization={IFIP Working Group 2.1},
Year=1975
}

@article{carette2009foditoedings{bruce1997comparing,
  title={Comparing object encodings},
  author={Bruce, Kim B and Cardelli, Luca and Pierce, Benjamin C},
  booktitle={International Symposium on Theoretical Aspects of Computer Software},
  pages={415--438},
  year={1997},
  organization={Springer}
}

@article{rompf2012scala,
  title={Scala-Virtualized: linguistic reuse for deep embeddings},
  author={Rompf, Tiark and Amin, Nada and Moors, Adriaan and Haller, Philipp and Odersky, Martin},
  journal={Higher-Order and Symbolic Computation},
  volume={25},
  number={1},
  pages={165--207},
  year={2012},
  publisher={Springer}
}

% Others
@Unpublished{expPb,
  author = 	 {Philip Wadler},
  title = 	 {The {E}xpression {P}roblem},
  note = 	 {Note to Java Genericity mailing list},
  OPTkey = 	 {},
  month = 	 {Nov.},
  year = 	 {1998},
  OPTannote = 	 {}
}

@TECHREPORT{leijen01parsec,
author = {Leijen, Daan and Meijer, Erik},
year = 2001,
title = {Parsec: Direct style monadic parser combinators for the real world},
booktitle = {Technical Report},
number = {UU-CS-2001-35},
institution = {Department of Information and Computing Sciences, Utrecht University}
}

@inproceedings{hinze2004algebra,
  title={An {A}lgebra of {S}cans},
  author={Hinze, Ralf},
  booktitle={In {MPC}},
  year={2004},
}

@inproceedings{rompf2012lightweight,
  title={Lightweight {M}odular {S}taging: {A} {P}ragmatic {A}pproach to {R}untime {C}ode {G}eneration and {C}ompiled {DSL}s},
  author={Rompf, Tiark and Odersky, Martin},
  booktitle={In {GPCE}},
  year={2010},
}

@book{gamma94design,
author = {Gamma, E. and Helm, R. and Johnson, R. and Vlissides, J.},
title = {Design Patterns : Elements of Reusable Object-Oriented Software},
publisher = {Addisson-Wesley},
year = {1994}
}

@inproceedings{meijer2006linq,
  title={{LINQ}: {R}econciling {O}bject, {R}elations and {XML} in the .{NET} {F}ramework},
  author={Meijer, Erik and Beckman, Brian and Bierman, Gavin},
  booktitle={In {SIGMOD/PODS}},
  year={2006},
}

@misc{fowler2005fluent,
  title={Fluent interface},
  author={Fowler, Martin and Evans, E},
  url={https://martinfowler.com/bliki/FluentInterface.html},
  year={2005},
}

@misc{odersky06pimp,
  title={Pimp {M}y {L}ibrary},
  author={Odersky, Martin},
  url={http://www.artima.com/weblogs/viewpost.jsp?thread=179766},
  year={2006},
}

@article{erwig2014semantics,
  title={Semantics-{D}riven {DSL} {D}esign},
  author={Erwig, Martin and Walkingshaw, Eric},
  journal={Computational {L}inguistics: {C}oncepts, {M}ethodologies, {T}ools, and {A}pplications},
  year={2014}
}
