@article{gibbonsexercises,
  title={Exercises on Functional Programming for Domain-Specific Languages},
  author={Gibbons, Jeremy}
}

@inproceedings{yates2015diagrams,
  title={Diagrams: a functional EDSL for vector graphics},
  author={Yates, Ryan and Yorgey, Brent A},
  booktitle={Proceedings of the 3rd ACM SIGPLAN International Workshop on Functional Art, Music, Modelling and Design},
  pages={4--5},
  year={2015},
  organization={ACM}
}

@inproceedings{Jovanovic:2014:YCD:2658761.2658771,
 author = {Jovanovic, Vojin and Shaikhha, Amir and Stucki, Sandro and Nikolaev, Vladimir and Koch, Christoph and Odersky, Martin},
 title = {Yin-yang: Concealing the Deep Embedding of DSLs},
 booktitle = {Proceedings of the 2014 International Conference on Generative Programming: Concepts and Experiences},
 series = {GPCE 2014},
 year = {2014},
 isbn = {978-1-4503-3161-6},
 location = {V\&\#228;ster\&\#229;s, Sweden},
 pages = {73--82},
 numpages = {10},
 url = {http://doi.acm.org/10.1145/2658761.2658771},
 doi = {10.1145/2658761.2658771},
 acmid = {2658771},
 publisher = {ACM},
 address = {New York, NY, USA},
 keywords = {Deep Embedding, Embedded Domain-Specific Languages, Macros, Reflection, Shallow Embedding},
}

@article{carette2009finally,
  title={Finally tagless, partially evaluated: Tagless staged interpreters for simpler typed languages},
  author={Carette, Jacques and Kiselyov, Oleg and Shan, Chung-chieh},
  journal={Journal of Functional Programming},
  volume={19},
  number={05},
  pages={509--543},
  year={2009},
  publisher={Cambridge Univ Press}
}

@article{rompf2012scala,
  title={Scala-Virtualized: linguistic reuse for deep embeddings},
  author={Rompf, Tiark and Amin, Nada and Moors, Adriaan and Haller, Philipp and Odersky, Martin},
  journal={Higher-Order and Symbolic Computation},
  volume={25},
  number={1},
  pages={165--207},
  year={2012},
  publisher={Springer}
}

@inproceedings{oliveira09modular,
 author = {Oliveira, Bruno C. d. S.},
 title = {Modular Visitor Components},
 booktitle = {Proceedings of the 23rd European Conference on Object-Oriented Programming},
 //booktitle = {ECOOP'09},
 year = {2009}
}

@INPROCEEDINGS{bruno12oa,
 author = {Oliveira, Bruno C. d. S. and Cook, William R.},
 title = {Extensibility for the Masses: Practical Extensibility with Object Algebras},
 //booktitle = {ECOOP '12},
 booktitle = {Proceedings of the 26th European Conference on Object-Oriented Programming},
 year = {2012}
}

@inproceedings{hofer2010modular,
  title={Modular domain-specific language components in Scala},
  author={Hofer, Christian and Ostermann, Klaus},
  booktitle = {Proceedings of the Ninth International Conference on Generative Programming and Component Engineering},
  year={2010}
}

@incollection{svenningsson2012combining,
  title={Combining deep and shallow embedding for EDSL},
  author={Svenningsson, Josef and Axelsson, Emil},
  booktitle={Trends in Functional Programming},
  pages={21--36},
  year={2012},
  publisher={Springer}
}

@inproceedings{gibbons2014folding,
  title={Folding domain-specific languages: Deep and shallow embeddings (functional pearl)},
  author={Gibbons, Jeremy and Wu, Nicolas},
  booktitle={ACM SIGPLAN Notices},
  volume={49},
  number={9},
  pages={339--347},
  year={2014},
  organization={ACM}
}

@inproceedings{hudak1998modular,
  title={Modular domain specific languages and tools},
  author={Hudak, Paul},
  booktitle={Software Reuse, 1998. Proceedings. Fifth International Conference on},
  pages={134--142},
  year={1998},
  organization={IEEE}
}

@article{swierstra2008data,
  title={Data types {\`a} la carte},
  author={Swierstra, Wouter},
  journal={Journal of functional programming},
  volume={18},
  number={04},
  pages={423--436},
  year={2008},
  publisher={Cambridge Univ Press}
}

@inproceedings{eptrivially16,
 author = {Wang, Yanlin and Oliveira, Bruno C. d. S.},
 title = {The Expression Problem, Trivially!},
 booktitle = {Proceedings of the 15th International Conference on Modularity},
 //booktitle = {Modularity '16},
 year = {2016}
}
